<collection xmlns="http://www.loc.gov/MARC21/slim"><record><leader>00904nam  2200289   450</leader><controlfield tag="001">371</controlfield><controlfield tag="003">http://montalegre.opacnet.com/OPAC/default.aspx?ContentAreaControl=ShowRegHoldings.ascx&amp;RegNo=16662</controlfield><datafield tag="010" ind1=" " ind2=" "><subfield code="a">972-20-0724-6</subfield></datafield><datafield tag="021" ind1=" " ind2=" "><subfield code="a">PT</subfield><subfield code="b">28887/89</subfield></datafield><datafield tag="095" ind1=" " ind2=" "><subfield code="a">PTBN00202406</subfield></datafield><datafield tag="100" ind1=" " ind2=" "><subfield code="a">19891027d1989    m  y0pory010305  ba</subfield></datafield><datafield tag="101" ind1="1" ind2=" "><subfield code="a">por</subfield><subfield code="c">fre</subfield></datafield><datafield tag="102" ind1=" " ind2=" "><subfield code="a">PT</subfield></datafield><datafield tag="105" ind1=" " ind2=" "><subfield code="a">y   z   001ay</subfield></datafield><datafield tag="106" ind1=" " ind2=" "><subfield code="a">r</subfield></datafield><datafield tag="200" ind1="1" ind2=" "><subfield code="a">Belle époque</subfield><subfield code="f">Max Gallo</subfield><subfield code="g">trad. Ana Luísa Faria</subfield></datafield><datafield tag="205" ind1=" " ind2=" "><subfield code="a">1ª ed</subfield></datafield><datafield tag="210" ind1=" " ind2=" "><subfield code="a">Lisboa</subfield><subfield code="c">Dom Quixote</subfield><subfield code="d">1989</subfield></datafield><datafield tag="215" ind1=" " ind2=" "><subfield code="a">306, [1] p.</subfield><subfield code="d">24 cm</subfield></datafield><datafield tag="225" ind1="2" ind2=" "><subfield code="a">Ficção universal</subfield><subfield code="v">52</subfield></datafield><datafield tag="304" ind1=" " ind2=" "><subfield code="a">Tít. orig. : Belle époque</subfield></datafield><datafield tag="675" ind1=" " ind2=" "><subfield code="a">840-31 Gallo, Max</subfield><subfield code="v">BN</subfield><subfield code="z">por</subfield><subfield code="3">392717</subfield></datafield><datafield tag="700" ind1=" " ind2="1"><subfield code="a">Gallo</subfield><subfield code="b">Max</subfield><subfield code="f">1932</subfield><subfield code="3">28658</subfield></datafield><datafield tag="702" ind1=" " ind2="1"><subfield code="a">Faria</subfield><subfield code="b">Ana Luísa</subfield><subfield code="4">730</subfield><subfield code="3">25879</subfield></datafield><datafield tag="801" ind1=" " ind2="0"><subfield code="a">PT</subfield><subfield code="b">Biblioteca Municipal de Montalegre</subfield><subfield code="g">RPC</subfield></datafield><datafield tag="856" ind1=" " ind2=" "><subfield code="u">locateMedia.asp?cod=20060512111021&amp;ext=jpg</subfield><subfield code="z">CAPA</subfield></datafield><datafield tag="909" ind1="&#9;" ind2=" "><subfield code="a">2</subfield></datafield><datafield tag="966" ind1=" " ind2=" "><subfield code="a">0008569</subfield><subfield code="l">BMM</subfield><subfield code="s">SCG 821 GAL bel 52</subfield></datafield><datafield tag="966" ind1=" " ind2=" "><subfield code="a">0008570</subfield><subfield code="l">BMM</subfield><subfield code="s">SCG 821 GAL bel 52</subfield></datafield></record></collection>